<record><leader>00000cas a22000007a 4500</leader><controlfield tag="001">30707552</controlfield><controlfield tag="008">940705d18101811kyuwr ne      0    0eng d</controlfield><datafield ind1=" " ind2=" " tag="010"><subfield code="a">sn 94055787 </subfield></datafield><datafield ind1=" " ind2=" " tag="040"><subfield code="a">MGN</subfield><subfield code="b">eng</subfield><subfield code="c">MGN</subfield><subfield code="d">OCLCQ</subfield></datafield><datafield ind1=" " ind2=" " tag="042"><subfield code="a">msc</subfield></datafield><datafield ind1="0" ind2=" " tag="130"><subfield code="a">Impartial observer (Lexington, Ky.)</subfield></datafield><datafield ind1="1" ind2="4" tag="245"><subfield code="a">The impartial observer.</subfield></datafield><datafield ind1=" " ind2=" " tag="260"><subfield code="a">Lexington, Ky. :</subfield><subfield code="b">B. Guerin &amp; E. Prentiss</subfield></datafield><datafield ind1=" " ind2=" " tag="300"><subfield code="a">v.</subfield></datafield><datafield ind1=" " ind2=" " tag="310"><subfield code="a">Weekly</subfield></datafield><datafield ind1="1" ind2=" " tag="362"><subfield code="a">Began Aug. 25, 1810? Ceased in 1811?</subfield></datafield><datafield ind1=" " ind2=" " tag="500"><subfield code="a">Published in Danville, Ky., &lt;Dec. 10, 1810-&gt;.</subfield></datafield><datafield ind1=" " ind2=" " tag="588"><subfield code="a">Description based on: Vol. 1, no. 4 (Sept. 15, 1810).</subfield></datafield><datafield ind1=" " ind2=" " tag="752"><subfield code="a">United States</subfield><subfield code="b">Kentucky</subfield><subfield code="c">Boyle</subfield><subfield code="d">Danville.</subfield></datafield><datafield ind1=" " ind2=" " tag="752"><subfield code="a">United States</subfield><subfield code="b">Kentucky</subfield><subfield code="c">Fayette</subfield><subfield code="d">Lexington.</subfield></datafield></record>